@misc{jrcastro2020elementos,
  title = {\textbf{Elementos de Matemática Aplicada}: princípios, métodos e fins},
  author={Jr. Castro, Wilson},
  year = {2020},
  howpublished = {Disponibilizado pelo autor},
  note = {Acesso: 2020-09-30}
}

@misc{deoliveira2021,
  title = {
  \href{https://www.ime.usp.br/~oliveira/index.html}{\textbf{Osvaldo Rio Branco de Oliveira}}},
  author={de Oliveira, Osvaldo Rio Branco},
  year = {2020},
  howpublished = {Disponibilizado pelo autor},
  note = {Acesso: 2021-03-29}
}


@misc{deoliveira2015,
title = {\href{https://www.ime.usp.br/~oliveira/ELE-DERIVAR-SOB-INTEGRAL.pdf}{\textbf{Derivação sob o sinal de integração - integrais oscilatórias e transformadas}}},
author={de Oliveira, Osvaldo Rio Branco},
year = {2015},
howpublished = {Disponibilizado pelo autor},
note = {Acesso: 2021-04-09}
}



@book{capelas2005funcoes,
title = {\textbf{Funções Analíticas com Aplicações}},
author = {de Oliveira, Edmundo Capelas and Rodrigues Jr., W. A.},
year = {2005},
publisher = {Editora Livraria da Física},
address = {São Paulo}
}

@book{capelas2012funcoesespeciais,
title = {\textbf{Funções Especiais com Aplicações}},
author = {de Oliveira, Edmundo Capelas},
year = {2012},
publisher = {Editora Livraria da Física},
address = {São Paulo},
edition = {2}
}

@book{capelas2014introducao,
title = {\textbf{Introdução aos Métodos da Matemática Aplicada}},
author = {de Oliveira, Edmundo Capelas and Maiorino, J. Emílio},
year = {2014},
publisher = {Editora da Unicamp},
address = {Campinas},
edition = {Reimpressão}
}

@book{churchill1963fourier,
title = {\textbf{Fourier Series and Boundary Value Problems}},
author = {Churchill, R. V.},
year = {1963},
publisher = {McGraw-Hill},
address = {New York},
edition = {2}
}

@book{cornel2019almost,
title = {\href{https://cloudflare-ipfs.com/ipfs/bafykbzacecz2jem3cu6xqhnuqtyfovpz36wk45dpskgfrcegi5ffzt7za6tci?filename=Cornel\%20Ioan\%20Valean\%20-\%20Almost\%20Impossible\%20Integrals\%2C\%20Sums\%2C\%20and\%20Series-Springer\%20Nature\%20\%282019\%29.pdf}{\textbf{(Almost) Impossible Integrals, Sums, and Series}}},
author = {Valean, Cornel Ioan},
year = {2019},
publisher = {Springer Nature},
address = {Switzerland AG}
}

@book{makarenko1979problemas,
title = {\textbf{Problemas de Ecuaciones Diferenciales Ordinarias}},
author = {Kiseliov, A. and Krasnov, M. and Makarenko, G.},
year = {1979},
publisher = {Editorial Mir},
address = {Moscú}
}


@book{paris2001mellin,
title = {\textbf{Asymptotic and Mellin-Barnes Integrals}, Encyclopedia of Mathematics and its Applications},
author = {Paris, R. B and  Kaminski, D.},
year = {2001},
publisher = {Cambridge University Press},
address = {Cambridge}
}


@book{tolstov1962fourier,
title = {\textbf{Fourier Series}},
author = {Tolstov, G. P.},
year = {1962},
publisher = {Dover Publications},
address = {New York}
}



Referencias:


 [1] Davis (1972) 6.2.2 p.258
 
 [2] Davis (1972) 6.2.1 p.258
 
 [3] Equation 5.19.4, NIST Digital Library of Mathematical Functions. http://dlmf.nist.gov/, Release 1.0.6 of 2013-05-06.
 
 [4] Dirichlet, "Sur une nouvelle méthode pour la détermination des intégrales multiples", Journal de Mathématiques Pures et Appliquées 4 (1839), 164–168
 
 [5] Wang, Xianfu, "Volumes of Generalized Unit Balls", Mathematics Magazine, Vol. 78, No. 5 (Dezembro 2005), 390–395.
 
 [6] Jordan, Camille (1887), Cours d'analyse (PDF)
 
 [7] Pochhammer, L. (1890), «Zur Theorie der Euler'schen Integrale», Springer Berlin / Heidelberg, Mathematische Annalen, 35 (4): 495–526, doi:10.1007/BF02122658
 
 [8] Whittaker, E. T.; Watson, G. N. (1963), A Course in Modern Analysis, ISBN 978-0-521-58807-2, Cambridge University Press
 
 [9] Yule, G. U. (1925). «Philosophical Transactions of the Royal Society B» (402–410): 21–87. doi:10.1098/rstb.1925.0002
 
 [10] Fan Chung e Linyuan Lu (2010). «"A Generative Model — the Preferential Attachment Scheme"». Complex Graphs and Networks (3o. [S.l.: s.n.] ISBN 978-0-8218-3657-6
 
 [11] Sampling with \& without Replacement: Urn problem modeled with Geogebra por Gunhan Caglayan - "Vol. 6: Iss. 3, Article 3" (2013)
